
@inproceedings{bmc,
title="Bounded Model Checking",
author="Biere, Armin and Cimatti, Alessandro and Clarke, Edmund M and Strichman, Ofer and Zhu, Yunshan",
journal="Advances in Computers",
volume="58",
pages="117--148",
year="2003"
}

@inproceedings{ic3,
  title="Understanding IC3",
  author="Bradley, Aaron R",
  booktitle="Theory and Applications of Satisfiability Testing",
  pages="1--14",
  year="2012"
}
    
@inproceedings{klee,
title="KLEE: unassisted and automatic generation of high-coverage tests for complex systems programs",
author="Cadar, Cristian and Dunbar, Daniel and Engler, Dawson",
pages="209--224",
booktitle="Operating Systems Design and Implementation",
year="2008"
}

@inproceedings{cpachecker,
title="CPACHECKER: a tool for configurable software verification",
author="Beyer, Dirk and Keremoglu, M Erkan",
booktitle="International Conference on Computer Aided Verification",
pages="184--190",
year="2011"
}

@inproceedings{cbmc,
title="CBMC â€“ C Bounded Model Checker",
author="Kroening, Daniel and Tautschnig, Michael",
pages="389--391",
booktitle="International Conference on Tools and Algorithms for the Construction and Analysis of Systems",
year="2014"
}

@inproceedings{lopes2015checking,
  title="Checking beliefs in dynamic networks",
  author="Lopes, Nuno P and Bj{\o}rner, Nikolaj and Godefroid, Patrice and Jayaraman, Karthick and Varghese, George",
  booktitle="12th $\{$USENIX$\}$ Symposium on Networked Systems Design and Implementation ($\{$NSDI$\}$ 15)",
  pages="499--512",
  year="2015"
}

@inproceedings{majumdar2014kuai,
 title="Kuai: A model checker for software-defined networks",
  author="Majumdar, Rupak and Tetali, Sai Deep and Wang, Zilong",
  booktitle="2014 Formal Methods in Computer-Aided Design",
  pages="163--170",
  year="2014",
  organization="IEEE"
}

@inproceedings{zhang2012verification,
  title="Verification of computer switching networks: An overview",
  author="Zhang, Shuyuan and Malik, Sharad and McGeer, Rick",
  booktitle="International Symposium on Automated Technology for Verification and Analysis",
  pages="1--16",
  year="2012",
  organization="Springer"
}

@inproceedings{brauer2011existential,
  title="Existential quantification as incremental SAT",
  author="Brauer, J{\"o}rg and King, Andy and Kriener, Jael",
  booktitle="International Conference on Computer Aided Verification",
  pages="191--207",
  year="2011",
  organization="Springer"
}

@inproceedings{sapra2003sat,
  title="SAT-based algorithms for logic minimization",
  author="Sapra, Samir and Theobald, Michael and Clarke, Edmund",
  booktitle="Proceedings 21st International Conference on Computer Design",
  pages="510--517",
  year="2003",
  organization="IEEE"
}

@inproceedings{lahiri2003symbolic,
  title="A symbolic approach to predicate abstraction",
  author="Lahiri, Shuvendu K and Bryant, Randal E and Cook, Byron",
  booktitle="International Conference on Computer Aided Verification",
  pages="141--153",
  year="2003",
  organization="Springer"
}

@inproceedings{car,
  author    = "Jianwen Li and
               Shufang Zhu and
               Yueling Zhang and
               Geguang Pu and
               Moshe Y. Vardi",
  title     = "Safety model checking with complementary approximations",
  booktitle = "2017 IEEE/ACM International Conference on Computer-Aided Design",
  pages     = "95--100",
  year      = "2017"
}

@inproceedings{stoat,
  author    = "Ting Su and
               Guozhu Meng and
               Yuting Chen and
               Ke Wu and
               Weiming Yang and
               Yao Yao and
               Geguang Pu and
               Yang Liu and
               Zhendong Su",
  title     = "Guided, stochastic model-based {GUI} testing of Android apps",
  booktitle = "Proceedings of the 2017 11th Joint Meeting on Foundations of Software Engineering",
  pages     = "245--256",
  year      = "2017"
}

@inproceedings{aalta,
  author    = "Jianwen Li and
               Kristin Y. Rozier and
               Geguang Pu and
               Yueling Zhang and
               Moshe Y. Vardi",
  title     = "SAT-Based Explicit LTLf Satisfiability Checking",
  booktitle = "The Thirty-Third AAAI Conference on Artificial Intelligence",
  pages     = "2946--2953",
  year      = "2019"
}

@inproceedings{grumberg2004memory,
  title="Memory efficient all-solutions SAT solver and its application for reachability analysis",
  author="Grumberg, Orna and Schuster, Assaf and Yadgar, Avi",
  booktitle="International Conference on Formal Methods in Computer-Aided Design",
  pages="275--289",
  year="2004",
  organization="Springer"
}

@inproceedings{mcmillan2002applying,
  title="Applying SAT methods in unbounded symbolic model checking",
  author="McMillan, Ken L",
  booktitle="International Conference on Computer Aided Verification",
  pages="250--264",
  year="2002",
  organization="Springer"
}

@inproceedings{minisat,
  title="An extensible SAT-solver",
  author="E{\'e}n, Niklas and S{\"o}rensson, Niklas",
  booktitle="International conference on theory and applications of satisfiability testing",
  pages="502--518",
  year="2003",
  organization="Springer"
}

@inproceedings{jin2005efficient,
  title="Efficient conflict analysis for finding all satisfying assignments of a boolean circuit",
  author="Jin, HoonSang and Han, HyoJung and Somenzi, Fabio",
  booktitle="International Conference on Tools and Algorithms for the Construction and Analysis of Systems",
  pages="287--300",
  year="2005",
  organization="Springer"
}

@inproceedings{morgado2005good,
 title="Good learning and implicit model enumeration",
  author="Morgado, Ant{\'o}nio and Marques-Silva, Joao",
  booktitle="17th IEEE International Conference on Tools with Artificial Intelligence",
  pages="6--pp",
  year="2005",
  organization="IEEE"
}

@inproceedings{ctool,
  title="All-SAT using minimal blocking clauses",
  author="Yu, Yinlei and Subramanyan, Pramod and Tsiskaridze, Nestan and Malik, Sharad",
  booktitle="2014 27th International Conference on VLSI Design and 2014 13th International Conference on Embedded Systems",
  pages="86--91",
  year="2014",
  organization="IEEE"
}

@article{ietool,
  title="Implementing efficient all solutions SAT solvers",
  author="Toda, Takahisa and Soh, Takehide",
  journal="Journal of Experimental Algorithmics (JEA)",
  volume="21",
  pages="1--12",
  year="2016",
  publisher="ACM"
}

@article{bb,
  title="Towards backbone computing: A Greedy-Whitening based approach",
  author="Zhang, Yueling and Zhang, Min and Pu, Geguang and Song, Fu and Li, Jianwen",
  journal="AI Communications",
  volume="31",
  number="3",
  pages="267--280",
  year="2018",
  publisher="IOS Press"
}

@article{zhao2009asig,
title="ASIG: An all-solution SAT solver for CNF formulas",
author="Zhao, Weinan and Wu, Weimin",
pages="508--513",
year="2009",
booktitle="International Conference of Computer Aided Design and Computer Graphics "
}

@inproceedings{jabbour2014extending,
  title="Extending modern SAT solvers for models enumeration",
  author="Jabbour, Said and Lonlac, Jerry and Sais, Lakhdar and Salhi, Yakoub",
  booktitle="Proceedings of the 2014 IEEE 15th International Conference on Information Reuse and Integration (IEEE IRI 2014)",
  pages="803--810",
  year="2014",
  organization="IEEE"
}

@inproceedings{p,
  title="Asynchronous P systems for SAT and Hamiltonian cycle problem",
  author="Ishii, Kota, Akihiro Fujiwara, and Hirofumi Tagawa",
  booktitle="2010 Second World Congress on Nature and Biologically Inspired Computing, IEEE",
  pages="513--519",
  year="2010"
}

@article{pa,
  title="A linear-time solution for all-SAT problem based on P system",
  author="Ping, G. U. O., Z. H. U. Jian, C. H. E. N. Haizhu, and Y. A. N. G. Ruilong",
  booktitle="Chinese Journal of Electronics 27.2 (2018)",
  pages="367-373",
  year="2018"
  
}